
@online{hoff_7_????,
	title = {7 Years of {YouTube} Scalability Lessons in 30 Minutes},
	url = {http://highscalability.com/blog/2012/3/26/7-years-of-youtube-scalability-lessons-in-30-minutes.html},
	abstract = {If you started out building a dating site and instead ended up  building a video sharing site (...},
	titleaddon = {High Scalability},
	author = {Hoff, Todd},
	urldate = {2016-07-18},
	note = {http://highscalability.com/blog/2012/3/26/7-years-of-youtube-scalability-lessons-in-30-minutes.html},
	file = {Snapshot:/home/gautam/.mozilla/firefox/mwad0hks.default/zotero/storage/NPWE2GEU/7-years-of-youtube-scalability-lessons-in-30-minutes.html:text/html}
}